<?xml version="1.0" encoding="UTF-8"?><collection xmlns="http://www.loc.gov/MARC21/slim"><record><leader>00375nam--2200133-i-4500</leader><controlfield tag="001">000047003</controlfield><controlfield tag="002">20161230</controlfield><controlfield tag="005">20161230201046</controlfield><controlfield tag="008">060222s1000------------r-----000-0-eng-d</controlfield><datafield ind1=" " ind2=" " tag="080"><subfield code="a">621.372</subfield></datafield><datafield ind1=" " ind2=" " tag="100"><subfield code="a">Weber, Ernst</subfield></datafield><datafield ind1=" " ind2=" " tag="245"><subfield code="a">Linear transient analysis. vol.ii: 2-terminal-pairnetworks. transmission lines</subfield></datafield><datafield ind1=" " ind2=" " tag="260"><subfield code="a">New York, John Wiley, 1954-56, Xiv+452p</subfield></datafield><datafield ind1=" " ind2=" " tag="852"><subfield code="a">10851</subfield></datafield></record></collection>